@book{NOPEDV16,
  title={Insight into Fuzzy Modeling},
  author={Nov{\'a}k, V. and Perfilieva, I. and Dvo{\v{r}}{\'a}k, A.},
  year={2016},
  publisher={John Wiley \& Sons}
}

@article{cpp1,
  title={The Predator-Prey Model Simulation},
  author={Taleb A. S. Obaid},
  journal={Basrah Journal of Science},
  volume={31},
  number={2},
  pages={103-109},
  year={2013}
}


@article{zadeh,
  title={Outline of a new approach to the analysis of complex systems and decision processes},
  author={L. A. Zadeh},
  journal={IEEE Transactions on Systems, Man, and Cybernetics},
  volume={SMC-3},
  pages={28-44},
  year={1973}
}


@book{FesFr,
  title={Fuzzy Expert Systems and Fuzzy Reasoning},
  author={SILER, W. and BUCKLEY, J. J.},
  year={2005},
  publisher={John Wiley \& Sons}
}

@book{simulMA,
  title={Simulation Modeling and Analysis},
  author={LAW, M. A. and KELTON, M. D.},
  year={1999},
  publisher={McGraw-Hill Higher Education}
}

@book{AIGames,
  title={Artificial Intelligence for Games (The Morgan Kaufmann Series in Interactive 3D Technology)},
  author={Ian Millington},
  year={2006},
  publisher={CRC Press}
}

@book{MultiAgent,
  title={An Introduction to MultiAgent Systems},
  author={Michael Wooldridge},
  year={2002},
  publisher={John Wiley \& Sons}
}

@book{UserGuide,
  title={Fuzzy Logic Toolbox™ User's Guide},
  author={The MathWorks, Inc.},
  year={2023},
  howpublished="\url{https://se.mathworks.com/help/fuzzy/}",
  note="[Online; accessed 30-November-2023]"
}

@inproceedings{inproceedings,
author = {Vieira, José and Morgado-Dias, F. and Mota, Alexandre},
year = {2004},
month = {03},
pages = {},
title = {Neuro-Fuzzy Systems: A Survey}
}

@article{article,
author = {Babuska, Robert},
year = {2003},
month = {01},
pages = {161-186},
title = {Neuro-Fuzzy Methods for Modeling and Identification},
volume = {113},
isbn = {3-7908-1538-1},
journal = {Recent Advances in Intelligent Paradigms and Application},
doi = {10.1007/978-3-7908-1770-6_8}
}

@phdthesis{diss,
    title    = {Modeling and analysis of a two prey-one predator system with harvesting, Holling Type II and ratio-dependent responses},
    school   = {Makerere University},
    author   = {Edwin, A.},
    year     = {2010},
    type     = {{Doctoral} dissertation},
}

@article{fuzzyIntro,
author = {Dernoncourt, Franck},
year = {2013},
month = {01},
pages = {},
title = {Introduction to fuzzy logic}
}

@ARTICLE{9258896,
  author={Kamthan, Shashank and Singh, Harpreet},
  journal={IEEE Access}, 
  title={Hierarchical Fuzzy Logic for Multi-Input Multi-Output Systems}, 
  year={2020},
  volume={8},
  number={},
  pages={206966-206981},
  doi={10.1109/ACCESS.2020.3037901}}
