@book{NOPEDV16,
  title={Insight into Fuzzy Modeling},
  author={Nov{\'a}k, V. and Perfilieva, I. and Dvo{\v{r}}{\'a}k, A.},
  year={2016},
  publisher={John Wiley \& Sons}
}

@article{cpp1,
  title={The Predator-Prey Model Simulation},
  author={Taleb A. S. Obaid},
  journal={Basrah Journal of Science},
  volume={31},
  number={2},
  pages={103-109},
  year={2013}
}

@inproceedings{lesk:1977,
  title={Computer Typesetting of Technical Journals on {UNIX}},
  author={Michael Lesk and Brian Kernighan},
  booktitle={Proceedings of American Federation of
             Information Processing Societies: 1977
             National Computer Conference},
  pages={879--888},
  year={1977},
  address={Dallas, Texas}
}

L. A. Zadeh. Outline of a new approach to the analysis of complex systems and decision
processes. IEEE Transactions on Systems, Man, and Cybernetics, SMC-3:28â€“44, 1973

@article{zadeh,
  title={Outline of a new approach to the analysis of complex systems and decision processes},
  author={L. A. Zadeh},
  journal={IEEE Transactions on Systems, Man, and Cybernetics},
  volume={SMC-3},
  pages={28-44},
  year={1973}
}